<record><leader>00000cas a22000007a 4500</leader><controlfield tag="001">9822022</controlfield><controlfield tag="008">830818c19199999ksudn ne      0   a0eng d</controlfield><datafield ind1=" " ind2=" " tag="010"><subfield code="a">sn 83040494 </subfield></datafield><datafield ind1=" " ind2=" " tag="040"><subfield code="a">KSH</subfield><subfield code="b">eng</subfield><subfield code="c">KSH</subfield><subfield code="d">NPT</subfield><subfield code="d">NSD</subfield><subfield code="d">OCLCG</subfield><subfield code="d">OCLCQ</subfield></datafield><datafield ind1=" " ind2=" " tag="012"><subfield code="m">1</subfield></datafield><datafield ind1="1" ind2=" " tag="022"><subfield code="a">1053-9999</subfield><subfield code="l">1053-9999</subfield><subfield code="2">1</subfield></datafield><datafield ind1="1" ind2=" " tag="029"><subfield code="a">AU@</subfield><subfield code="b">000025798152</subfield></datafield><datafield ind1=" " ind2=" " tag="032"><subfield code="a">171300</subfield><subfield code="b">USPS</subfield></datafield><datafield ind1=" " ind2=" " tag="037"><subfield code="b">The El Dorado Times, 114 N. Vine, El Dorado, KS 67042</subfield></datafield><datafield ind1=" " ind2=" " tag="042"><subfield code="a">msc</subfield><subfield code="a">nsdp</subfield></datafield><datafield ind1=" " ind2=" " tag="043"><subfield code="a">n-us-ks</subfield></datafield><datafield ind1=" " ind2="4" tag="222"><subfield code="a">The El Dorado times</subfield></datafield><datafield ind1="0" ind2="4" tag="245"><subfield code="a">The El Dorado times.</subfield></datafield><datafield ind1=" " ind2=" " tag="260"><subfield code="a">El Dorado, Kan. :</subfield><subfield code="b">Times Pub. Co.,</subfield><subfield code="c">1919-</subfield></datafield><datafield ind1=" " ind2=" " tag="300"><subfield code="a">v. :</subfield><subfield code="b">ill. ;</subfield><subfield code="c">57 cm.</subfield></datafield><datafield ind1=" " ind2=" " tag="310"><subfield code="a">Daily (except Sunday and holidays),</subfield><subfield code="b">&lt;Nov. 5, 1990-&gt;</subfield></datafield><datafield ind1=" " ind2=" " tag="321"><subfield code="a">Daily (except Sunday),</subfield><subfield code="b">1919-</subfield></datafield><datafield ind1="0" ind2=" " tag="362"><subfield code="a">Vol. 1, no. 1 (Dec. 1, 1919)-</subfield></datafield><datafield ind1=" " ind2=" " tag="500"><subfield code="a">Published by: The El Dorado Times, &lt;Nov. 5, 1990-&gt;</subfield></datafield><datafield ind1=" " ind2=" " tag="500"><subfield code="a">Editor: R.A. Clymer, 1919-19  .</subfield></datafield><datafield ind1="1" ind2=" " tag="700"><subfield code="a">Clymer, R. A.</subfield><subfield code="q">(Rolla A.)</subfield></datafield><datafield ind1=" " ind2=" " tag="752"><subfield code="a">United States</subfield><subfield code="b">Kansas</subfield><subfield code="c">Butler</subfield><subfield code="d">El Dorado.</subfield></datafield><datafield ind1="0" ind2="4" tag="780"><subfield code="t">Walnut Valley times (El Dorado, Kan. 1902)</subfield><subfield code="w">(DLC)sn 86064019</subfield></datafield><datafield ind1="0" ind2="4" tag="780"><subfield code="t">El Dorado republican (El Dorado, Kan. : 1885)</subfield><subfield code="w">(DLC)sn 83040475</subfield></datafield><datafield ind1="0" ind2="5" tag="780"><subfield code="t">El Dorado republican (El Dorado, Kan. : 1883)</subfield><subfield code="g">Mar. 1929</subfield><subfield code="w">(DLC)sn 83040472</subfield></datafield><datafield ind1="0" ind2="5" tag="780"><subfield code="t">Butler County news and Butler free-lance</subfield><subfield code="g">Apr. 1981</subfield><subfield code="w">(DLC)sn 83040514</subfield></datafield><datafield ind1="0" ind2="5" tag="780"><subfield code="t">Douglass tribune</subfield><subfield code="g">Oct. 1984</subfield><subfield code="w">(DLC)sn 83040495</subfield></datafield><datafield ind1=" " ind2=" " tag="936"><subfield code="a">Vol. 71, no. 288 (Nov. 5, 1990) LIC</subfield></datafield></record>